@misc{ipad,
	title={{iPad Available in US on April 3}},
	author={Natalie Harrison and
		Natalie Kerris},
	year=2010,
	month=march,
	day=5,
	note={\url{https://web.archive.org/web/20110710012449/http://www.apple.com/pr/library/2010/03/05iPad-Available-in-US-on-April-3.html}}
}

@misc{palm,
	title={{The history of Windows CE}},
	author={thisishenry168},
	note={\url{https://sites.google.com/site/thisishenry168/the-history-of-windows-ce}}
}
